<record xmlns="http://www.loc.gov/MARC21/slim" xmlns:xsi="http://www.w3.org/2001/XMLSchema-instance" xsi:schemaLocation="http://www.loc.gov/MARC21/slim http://www.loc.gov/standards/marcxml/schema/MARC21slim.xsd"><leader>01088cz   2200241n  4500</leader><controlfield tag="001">oca02615296 </controlfield><controlfield tag="005">19920928150059.3</controlfield><controlfield tag="008">891012n| acannaab|          |a aaa |||  </controlfield><datafield ind1=" " ind2=" " tag="010"><subfield code="a">n  88206516 </subfield></datafield><datafield ind1=" " ind2=" " tag="040"><subfield code="a">DLC</subfield><subfield code="c">DLC</subfield><subfield code="d">CoU</subfield><subfield code="d">DLC</subfield></datafield><datafield ind1="0" ind2=" " tag="100"><subfield code="a">Aeneas,</subfield><subfield code="c">Tacticus,</subfield><subfield code="d">4th cent. B.C.</subfield></datafield><datafield ind1="0" ind2=" " tag="400"><subfield code="a">Aineias,</subfield><subfield code="c">the Tactician,</subfield><subfield code="d">4th cent. B.C.</subfield></datafield><datafield ind1="0" ind2=" " tag="400"><subfield code="a">Aineias,</subfield><subfield code="c">ho Taktikos,</subfield><subfield code="d">4th cent. B.C.</subfield></datafield><datafield ind1="0" ind2=" " tag="400"><subfield code="a">Aeneas Tacticus</subfield><subfield code="w">nnaa</subfield></datafield><datafield ind1="0" ind2=" " tag="400"><subfield code="a">Enea,</subfield><subfield code="c">Tattico,</subfield><subfield code="d">4th cent. B.C.</subfield></datafield><datafield ind1="0" ind2=" " tag="400"><subfield code="a">Eneas,</subfield><subfield code="c">el Táctico,</subfield><subfield code="d">4th cent. B.C.</subfield></datafield><datafield ind1=" " ind2=" " tag="670"><subfield code="a">His How to survive under siege, 1990:</subfield><subfield code="b">CIP t.p. (Aineias the Tactician)</subfield></datafield><datafield ind1=" " ind2=" " tag="670"><subfield code="a">Encyc. Brit., 14th ed.,</subfield><subfield code="b">v. 6, p. 849 (Aeneas Tacticus (4th cent. B.C.))</subfield></datafield><datafield ind1=" " ind2=" " tag="670"><subfield code="a">Encyc. Amer.,</subfield><subfield code="b">v. 1, p. 214 (Aeneas Tacticus, Greek military tactician, ca. 350 B.C.)</subfield></datafield><datafield ind1=" " ind2=" " tag="670"><subfield code="a">LC manual cat.</subfield><subfield code="b">(hdg.: Aeneas Tacticus)</subfield></datafield><datafield ind1=" " ind2=" " tag="670"><subfield code="a">Papyros Larous</subfield><subfield code="b">(Aineias ho Taktikos, 4th cent. B.C.)</subfield></datafield><datafield ind1=" " ind2=" " tag="670"><subfield code="a">His La difesa di una città ... c1990:</subfield><subfield code="b">t.p. (Enea Tattico)</subfield></datafield><datafield ind1=" " ind2=" " tag="670"><subfield code="a">Vela Tejada, J. Estudio sobre la lengua de la Poliorcética de Eneas el Táctico, 1991.</subfield></datafield></record>